@string{asau = "Адаптивные системы автоматического управления"}
@string{mich = "Михалёв, А. И."}
@string{st = "Системные технологии"}

% @Article{,
%  author = {},
%  title = {},
%  journal = {},
%  year = ,
%  number = {},
%  pages = {--},
%  language = {english}
%}

%@Book{,
%  title = {},
%  author = {},
%  location = {},
%  publisher = {},
%  year = {2003},
%  language = {russian},
%  pagetotal = {},
%  annote = {}
%}

@Book{anisch_nonlin_eff,
  title = {Нелинейные эффекты в хаотических и стохастических системах},
  author = {Анищенко, В. С. and Астахов, В. В. and Вадивасова, Т. Е. and Нейман, А. Б. and Стрелкова, Г. И. and Шиманский-Гайер, Л.},
  location = {Москва-Ижевск},
  publisher = {Институт компьютерных исследований},
  year = {2003},
  language = {russian},
  pagetotal = {544},
  annote = {common, synch, vdp, Lorenz, }
}

@Book{anisch_complex_vibrations_in_simple_systems,
  title = {Сложные колебания в простых системах},
  author = {Анищенко, В. С.},
  location = {М:.},
  publisher = {Наука},
  year = {1990},
  language = {russian},
  pagetotal = {312}
}

@Book{dmitriev_gen_chaos,
  title = {Генерация хаоса},
  author = {Дмитриев, А. С. and Ефремова, Е. В. and Максимов, Н. А. and Панас, А. И.},
  editor = {Дмитриев, А. С.},
  location = {М.},
  publisher = {Техносфера},
  year = {2012},
  language = {russian},
  pagetotal = {424},
  annote = {Chaos generators, solid-state}
}

@Book{magni_theory_dyn_chaos,
  title = {Теория динамического хаоса},
  author = {Магницкий, Н. А.},
  location = {М.},
  publisher = {Ленанд},
  year = {2011},
  language = {russian},
  pagetotal = {320},
  annote = {diffur, attractors, cycles, bifurk, Ressler, Lorenz, Chua, Duffing, Sprott, .}
}

@Book{magni_new_meth,
  title = {Новые методы хаотической динамики},
  author = {Магницкий, Н. А. and  Сидоров, С. В.},
  location = {М.},
  publisher = {Едиториал УРСС},
  year = {2004},
  language = {russian},
  pagetotal = {320},
}

@Book{kuznetsov_dyn_chaos,
  title = {Динамический хаос (курс лекций)},
  author = {Кузнецов, С. П.},
  location = {М.},
  publisher = {Физматлит},
  year = {2006},
  language = {russian},
  pagetotal = {356},
  annote = {Chaos, Lorenz, Пуанкаре, Смейл, Шильников, Фейгенбаум}
}

@Book{neimark_stoch_chaos_vibro,
  title = {Стохастические и хаотические колебания},
  author = {Неймарк, Ю. И. and Ланда, П. С.},
  location = {М.},
  publisher = {Либроком},
  year = {2009},
  language = {russian},
  pagetotal = {424},
  annote = {common, Ressler(Belousov), Lorenz, Duffing, Tunnel diode , large biblio}
}

@Book{landa_nonlin_vivro_waves,
  title = {Нелинейные колебания и волны},
  author = {Ланда, П. С.},
  location = {М.:},
  publisher = {Физматлит},
  year = {1997},
  language = {russian},
  pagetotal = {496}
}

@Book{chernavskii_syn_info,
  title = {Синергетика и информация (динамическая теория информации)},
  author = {Чернавский, Д. С.},
  location = {М.},
  publisher = {Едиториал},
  year = {2004},
  language = {russian},
  pagetotal = {288},
  annote = {informaition}
}

@Book{prigogine_selforganization,
  title = {Самоорганизация в неравновесных системах},
  author = {Николис, Г. and Пригожин, И.},
  location = {М.},
  publisher = {Мир},
  year = {1979},
  language = {russian},
  pagetotal = {512}
}

@Book{prigogine_order_from_chaos,
  title = {Порядок из хаоса: Новый диалог человека с природой},
  author = {Пригожин, И. and Стенгерс, И.},
  location = {М.},
  publisher = {Прогресс},
  year = {1986},
  language = {russian},
  pagetotal = {432}
}

@Book{prigogine_from_existent,
  title = {От существующего к возникающему. Время и сложность в физических науках},
  author = {Пригожин, И.},
  location = {М.},
  publisher = {Наука},
  year = {1985},
  language = {russian},
  pagetotal = {328}
}

@Book{andronov_vitt_haikin,
  title = {Теория колебаний},
  author = {Андронов, А. А. and Витт, А. А. and  Хайкин, С. Э.},
  location = {М.},
  publisher = {Физ-мат литература},
  year = {1959},
  language = {russian},
  pagetotal = {916}
}

@Book{vigner_invar,
  title = {Инвариантность и законы сохранения},
  author = {Вигнер, Е.},
  location = {М.},
  publisher = {Едиториал УРСС},
  year = {2002},
  language = {russian},
  pagetotal = {320}
}

@Book{karabutov_adapt_id_sys,
  title = {Адаптивная идентификация систем: информационный синтез},
  author = {Карабутов, Н. Н.},
  location = {М.},
  publisher = {КомКнига},
  year = {2006},
  language = {russian},
  pagetotal = {384},
  annote = {struct, special}
}

@Book{berje_order_in_chaos,
  title = {Порядок в хаосе: О детерминистском подходе к турбулентности},
  author = {Берже, П. and Помо, И. and Видаль, К. },
  location = {М.},
  publisher = {Мир},
  year = {1991},
  language = {russian},
  pagetotal = {368},
  annote = { vdp, common, Ressler, Lorenz }
}

@Book{chulichkcov_mm_ml_dyn,
  title = {Математические методы нелинейной динамики},
  author = {Чуличков, А. И.},
  location = {М.},
  publisher = {Физматлит},
  year = {2003},
  language = {russian},
  pagetotal = {296},
  annote = {vdp, Lorenz, Ressler, numeric}
}



@Book{moon_chaotic_vibr,
  title = {Хаотические колебания: Вводный курс для научных работников и инженеров},
  author = {Мун, Ф.},
  location = {М.},
  publisher = {Мир},
  year = {1990},
  language = {russian},
  pagetotal = {312},
  annote = {common, Lorenz, Duffing }
}


@Book{buga_chua,
  title = {Исследование поведения цепи Чуа. Учебно-методическое пособие},
  author = {Бугаевский, М. Ю. and Пономаренко, В. И.},
  location = {Саратов},
  publisher = {Издательство ГосУНЦ ``Колледж''},
  year = {1998},
  language = {russian},
  pagetotal = {29},
}

@Article{Kennedy92robustop,
  author = {Michael Peter Kennedy},
  title = {Robust OP AMP Realization Of Chua's Circuit},
  journal = {Frequenz},
  year = {1992},
  volume = {46},
  pages = {66--80}
}


@Article{kennedy_chaos_colpitts,
  title = {Chaos in Colpitts oscillator},
  author = {Michael Peter Kennedy},
  journal = {IEEE Trans Circuits Syst I},
  year = {1994},
  volume = {41},
  number = {11},
  issn = {1057-7122},
  doi = {10.1109/81.331536},
  language = {english},
  pages = {771--774},
}

@Article{kennedy1999,
  author = {Michael Peter Kennedy and A S Elwakil},
  title = {A low-voltage, low-power, chaotic oscillator, derived from a relaxation oscillator},
  journal = {Miscroelectronics Journal},
  year = {2000},
  volume = {31},
  issue = {6},
  doi = {10.1016/S0026-2692(99)00150-0},
  pages = {459--468}
}

@Book{koltsova_nl_dyn_chem,
  title = {Нелинейная динамика и термодинамика необратимых процессов в химии и химической технологии},
  author = {Кольцова, Э. М. and Третьяков, Ю. Д. and Гордеев, Л. С. and Вертегел, А. А.},
  location = {М.},
  publisher = {Химия},
  year = {2001},
  language = {russian},
  pagetotal = {408},
  annote = {Rossler}
}

@Book{mishenko_du_small_relax,
  title = {Дифференциальные уравнения с малым параметром и релаксационные колебания},
  author = {Мищенко, Е. Ф. and Розов, Н. Х.},
  location = {М.},
  publisher = {Наука},
  year = {1975},
  language = {russian},
  pagetotal = {248},
  annote = {relax, du}
}

@Book{kozlov_nosearch_sns,
  title = {Беспоисковые самонастраивающиеся системы},
  author = {Козлов, Ю. М. and Юсупов, Р. М.},
  location = {М.},
  publisher = {Наука},
  year = {1969},
  language = {russian},
  pagetotal = {456},
  annote = {info, adapt, nosearch}
}

@Book{rastr_stat_meth_search,
  title = {Статистические методы поиска},
  author = {Растригин, Л. А.},
  location = {М.},
  publisher = {Наука},
  year = {1968},
  language = {russian},
  pagetotal = {376},
  annote = {random rearch}
}



@Book{zaeplnii_radio_calc,
  title = {Основы расчёта нелинейных и параметрических радиотехнических цепей},
  author = {Заездный, А. М.},
  location = {М.},
  publisher = {Связь},
  year = {1973},
  language = {russian},
  pagetotal = {448},
  annote = {radio calc}
}


@Book{horowitz,
  title = {Искусство схемотехники, т. 2},
  author = {Хоровиц, П. and Хилл, У.},
  location = {М.},
  publisher = {Мир},
  year = {1986},
  language = {russian},
  pagetotal = {590}
}

@Article{sprott_212,
  title = {Some simple chaotic flows},
  author = {Sprott, J. C.},
  journal = {Phys. Rev. E},
  year = {1994},
  volume = {50},
  number = {2},
  language = {english},
  pages = {647--650},
}

@Book{sprott_strange_attr,
  title = {Strange attractors: creating patterns in chaos},
  author = {Sprott, J. C.},
  publisher = {MT Books;},
  year = {1993},
  language = {russian},
  pagetotal = {350},
  annote = {mostly pictures, maps}
}


@Article{berger_friction,
  title = {Friction modeling for dynamic system simulation},
  author = {Berger, E. J.},
  journal = {ASME Appl Mech Rev vol 55, no 6},
  year = {2002},
  volume = {55},
  number = {6},
  language = {english},
  pages = {535--577},
}


@Book{mich_92,
  author = {Михалёв, А. И.},
  title = {Адаптивно-поисковые методы и алгоритмы оптимизации и идентификации динамических систем},
  address = {Киев},
  publisher = {НМК ВО},
  year = 1992,
  pagetotal = 68,
  language = {russian}
}


@Book{adopt_cont_sys,
  author = {Гачинский, Э. Е. and Дроздов, А. И. and Черкашин, М. Ю.},
  title = {Адаптация в непрерывных системах автоматического поиска},
  address = {М.},
  publisher = {Наука},
  year = 1991,
  pagetotal = 128,
  language = {russian}
}

% ------------------------ PHD renamed -----------------------------------


@Book{eykhoff_id_base,
  author = {Эйкхофф, Питер},
  title = {Основы идентификации систем управления},
  address = {М.},
  publisher = {Мир},
  year = 1975,
  numpages = 683,
  annote = {Рассмотрено множество методов идентификации},
  language = {russian}
}

@Book{eykhoff_modern_id,
  author = {Эйкхофф, Питер},
  title = {Современные методы идентификации систем},
  address = {М.},
  publisher = {Мир},
  year = 1983,
  numpages = 400,
  annote = {Упор на статистические методы},
  language = {russian}
}

@Book{info_cipkin,
  author = {Цыпкин, Яков Залманович},
  title = {Основы информационной теории идентификации},
  address = {М.},
  publisher = {Наука},
  year = 1984,
  numpages = 320,
  annote = {Попытка ввести информационные основы идентификации},
  language = {russian}
}
@Book{straton_inf,
  author = {Стратонович, Р. Л.},
  title = {Теория информации},
  address = {М.},
  publisher = {Сов. радио},
  year = 1975,
  numpages = 424,
  language = {russian}
}

@Book{rastr_seu,
  author = {Растригин, Л. А.},
  title = {Системы экстремального управления},
  address = {М.},
  publisher = {Наука},
  year = 1974,
  numpages = 632,
  language = {russian}
}

@Book{rastr_intro,
  author = {Растригин, Л. А.},
  title = {Введение в идентификацию объектов управления},
  address = {М.},
  publisher = {Энергия},
  year = 1977,
  numpages = 215,
  language = {russian}
}

@Book{rastr_adop_complex_sys,
  author = {Растригин, Л. А.},
  title = {Адаптация сложных систем},
  address = {Рига},
  publisher = {Зинатне},
  year = 1981,
  numpages = 357,
  language = {russian}
}


@Book{rastr_rand_search,
  author = {Растригин, Л. А.},
  title = {Случайный поиск в задачах оптимизации многопараметрических систем},
  address = {Рига},
  publisher = {Зинатне},
  year = 1965,
  numpages = 212,
  language = {russian}
}

@Book{rastr_rand_search_adopt,
  author = {Растригин, Л. А.},
  title = {Случайный поиск в процессах адаптации},
  address = {Рига},
  publisher = {Зинатне},
  year = 1973,
  numpages = 131,
  language = {russian}
}

@Book{saliga_id_ctl_black,
  author = {Салыга, В. И. and Карабутов, Н. Н.},
  title = {Идентификация и управление процессами в черной металлургии},
  address = {M.},
  publisher = {Металлургия},
  year = 1986,
  numpages = 192,
  language = {russian}
}


@Book{kras_dyn_nsn,
  author = {Красовский, А. А.},
  title = {Динамика непрерывных самонастраивающихся систем},
  address = {М.},
  publisher = {Физматгиз},
  year = 1963,
  numpages = 468,
  language = {russian}
}



@Book{yuh_97,
  author = {Юхимчук, С. В.},
  title = {Математические модели оценки устойчивости нелинейных нестационарных систем},
  address = {Винница},
  publisher ={Универсум},
  year = 1997,
  numpages = 141,
  language = {russian}
}

@Book{osn_dyn_prom_robot,
  author = {Коловский, М. З. and Слоущ, А. В.},
  title = {Основы динамики промышленных роботов},
  address = {М.},
  publisher = {Наука},
  year = 1988,
  numpages = 240,
  language = {russian}
}


@Book{karabut,
  author = {Карабутов, Н. Н. and Пятецкий, В. Е.},
  title = {Параметрическая идентификация металлугических процессов: учёт информационных аспектов},
  address = {М.},
  publisher = {Металлургия},
  year = 1992,
  numpages = 144,
  language = {russian}
}

@Book{borcov,
  author = {Борцов, Ю. А. and Поляхов, Н. Д. and Путов, В. В.} ,
  title = {Электомеханические системы с адаптивным и модальным управлением},
  address = {Л.},
  publisher = {Энергоатомиздат},
  year = 1984,
  numpages = 216,
  language = {russian}
}

@Book{nonlin_vibro,
  author = {Хаяси, Т.},
  title = {Нелинейные колебания в физических системах},
  address = {М.},
  publisher = {Мир},
  year = 1968,
  numpages = 432,
  language = {russian}
}

@Book{auto_optim_intask,
  author = {Гачинский, Э. Е. and Дроздов, А. И. and Фицнер, Л. Н.},
  title = {Автоматическая оптимизация в задачах пространственного распределения},
  address = {М.},
  publisher = {Наука},
  year = 1978,
  numpages = 160,
  language = {russian}
}


@Book{crit_method_is,
  author = {Пухов, Г. Е. and Хатиашвили, Ц. С.},
  title = {Критерии и методы идентификации объектов},
  address = {Киев},
  publisher = {Наукова думка},
  year = 1979,
  numpages = 190,
  language = {russian}
}

@Book{build_adopt_sys,
  author = {Тимофеев, А. В.},
  title = {Построение адаптивных систем управления программным движением},
  address = {Л.},
  publisher = {Энергия},
  year = 1980,
  numpages = 88,
  language = {russian}
}

@Book{take_info_proc,
  author = {Юсупов, Р. М.},
  title = {Получение информации об управляемом процессе в самонастраивающихся системах},
  address = {{М}.--{Л}.},
  publisher = {Энергия},
  year = 1966,
  numpages = 142,
  language = {russian}
}

@Book{sys_hyst,
  author = {Красносельский, М. А. and Покровский, А. В.},
  title = {Системы с гистерезисом},
  address = {М.},
  publisher = {Наука},
  year = 1983,
  numpages = 272,
  language = {russian}
}

@Book{himan_part_track,
  author = {Цибулевский, И. Е.},
  title = {Человек как звено следящей системы},
  address = {М.},
  publisher = {Наука},
  year = 1981,
  numpages = 288,
  language = {russian}
}

@Book{common_theory_sensy,
  author = {Томович, Р. and Вукобратович, М.},
  title = {Общая теория чувствительности},
  address = {М.},
  publisher = {Советское радио},
  year = 1972,
  numpages = 240,
  language = {russian}
}

@Book{in_theory_mech_vibro,
  author = {Пановенко, Я. Г.},
  title = {Введение в теорию механических колебаний},
  address = {М.},
  publisher = {Наука},
  year = 1971,
  numpages = 240,
  language = {russian}
}


@Book{stat_bluming,
  author = {Коцарь, С. Л. and Поляков, Б. Н. and Макаров, Ю. Д. and Чичигин, В. А.},
  title = {Статистический анализ и математическое моделирование блюминга},
  address = {М.},
  publisher = {Металлургия},
  year = 1974,
  numpages = 280,
  language = {russian}
}

@Book{auto_pos_elecro,
  author = {Зусман, В. Г. and Мейстрель, А. М. and Херсонский, Ю. И.},
  title = {Автоматизация позиционных электроприводов},
  address = {М.},
  publisher = {Энергия},
  year = 1970,
  numpages = 120,
  language = {russian}
}

@Book{random_load_power,
  author = {Гайдукевич, В. И. and Титов, В. С.},
  title = {Случайные нагрузки силовых электроприводов},
  address = {М.},
  publisher = {Энергоатомиздат},
  year = 1983,
  numpages = 160,
  language = {russian}
}

@Book{sys_ctl_tyristor,
  author = {Перельмутер, В. М. and Сидоренко, В. А.},
  title = {Системы управления тиристорными электроприводами постоянного тока},
  address = {М.},
  publisher = {Энергоатомиздат},
  year = 1988,
  numpages = 304,
  language = {russian}
}

@Book{mech_privod_procat,
  author = {Смирнов, В. В. and Яковлев, Р. А.},
  title = {Механика приводов прокатных станов},
  address = {М.},
  publisher = {Металлургия},
  year = 1977,
  numpages = 216,
  language = {russian}
}

@Book{ctl_vent_electro,
  author = {Лебедев, Е. Д. and Неймарк, В. Е. and Пистрак, М. Я. and Слежановский О. В.},
  title = {Управление вентильными электроприводами постоянного тока},
  address = {М.},
  publisher = {Энергия},
  year = 1970,
  numpages = 200,
  language = {russian}
}

@Book{tyrist_electr_procat,
  author = {Перельмутер, В. М. and Брауде, Ю. Н. and Перчик, Д. Я. and Книгин, В. М.},
  editor = {Перельмутер, В. М.},
  title = {Тиристорные электроприводы прокатных станов},
  address = {М.},
  publisher = {Металлургия},
  year = 1978,
  numpages = 152,
  language = {russian}
}

@Book{mdl_tyrist_elect,
  author = {Колчев, Е. В. and Метельский, В. П. and Стульников, В. И.},
  title = {Моделирование тиристорных электроприводов},
  address = {Киев.},
  publisher = {Техника},
  year = 1980,
  numpages = 86,
  language = {russian}
}

@Book{alex_adop_sys_au,
  author = {Александровский, Н. M. and Егоров, С. B. and Кузин, Р. Е.},
  title = {Адаптивные системы автоматического управления сложными технологическими процессами},
  address = {М.},
  publisher = {Энергия},
  year = 1973,
  numpages = 272,
  language = {russian}
}

@Book{antomonov_syntez,
  author = {Антомонов, Ю. Г.},
  title = {Синтез оптимальных систем},
  address = {Киев},
  publisher = {Наукова думка},
  year = 1972,
  numpages = 320,
  language = {russian}
}

@Book{vukobr_nonadopt,
  author = {Вукобратович, М. and Cтокич, Д. and Кирченски, Н.},
  title = {Неадаптивное и адаптивное управление манипуляционными работами},
  address = {М.},
  publisher = {Мир},
  year = 1989,
  numpages = 376,
  language = {russian}
}

@Book{kubik_nlsc,
  author = {Гельднер, Г. and Кубик, С.},
  title = {Нелинейные системы управления},
  address = {М.},
  publisher = {Мир},
  year = 1987,
  numpages = 368,
  language = {russian}
}

@Book{gladkov_optim_nongrad,
  author = {Гладков, Д. И.},
  title = {Оптимизация систем неградиентным случайным поиском},
  address = {М.},
  publisher = {Энергоэтомиздат},
  year = 1984,
  numpages = 256,
  language = {russian}
}

@Book{gromico_autoajust_sys,
  author = {Громыко, В. Д. and Санковский, Е. А.},
  title = {Самонастраивающиеся системы с моделью},
  address = {М.},
  publisher = {Энергия},
  year = 1974,
  numpages = 79,
  language = {russian}
}

@Book{gropp_methods_id,
  author = {Гроп, Д.},
  title = {Методы идентификации систем},
  address = {М.},
  publisher = {Мир},
  year = 1979,
  numpages = 302,
  language = {russian}
}

@Book{deith_method_id_ds,
  author = {Дейч, А. M.},
  title = {Методы идентификации динамических объектов},
  address = {M.},
  publisher = {Энергия},
  year = 1979,
  numpages = 240,
  language = {russian}
}

@Book{evlanov_ctrl_ds,
  author = {Евланов, Л. Г.},
  title = {Контроль динамических систем},
  address = {М.},
  publisher = {Наука},
  year = 1979,
  numpages = 431,
  language = {russian}
}

@Book{ivah_ag_autolearn_sys,
  author = {Ивахненко, А. Г.},
  title = {Самообучающиеся системы распознавания и автоматического управления},
  address = {Киев},
  publisher = {Технiка},
  year = 1969,
  numpages = 392,
  language = {russian}
}

@Book{kolmogorov_fun_ana,
  author = {Колмогоров, А. Н. and Фомин, С. В.},
  title = {Элементы теории функций и функционального анализа},
  address = {М.},
  publisher = {Наука},
  year = 1976,
  numpages = 542,
  language = {russian}
}

@Book{kuzuvkov_cont_diskr_su,
  author = {Кузовков, Н. Т. and Карабанов, C. В. and Cалычев, О. C.},
  title = {Непрерывные и дискретные системы управления и методы идентификации},
  address = {М.},
  publisher = {Машиностроение},
  year = 1978,
  numpages = 222,
  language = {russian}
}

@Book{kuncevich_impulse_autoadj,
  author = {Кунцевич, В. М.},
  title = {Импульсные самонастраивающиеся и экстремальные системы автоматического управления},
  address = {Киев},
  publisher = {Tехнiка},
  year = 1966,
  numpages = 282,
  language = {russian}
}

@Book{kuncevich_syntez_opt_ad,
  author = {Кунцевич, В. М. and Лычак, М. М.},
  title = {Синтез оптимальных и адаптивных систем управления},
  address = {Киев},
  publisher = {Наукова думка},
  year = 1985,
  numpages = 248,
  language = {russian}
}

@Book{letov_near_periodic_fun,
  author = {Летов, Л. M.},
  title = {Почти периодические функции},
  address = {M.},
  publisher = {Гостехиздат},
  year = 1953,
  numpages = 396,
  language = {russian}
}

@Book{lung_id_sys,
  author = {Льюнг, Л.},
  title = {Идентификация систем. Теория для пользователя},
  address = {М.},
  publisher = {Наука},
  year = 1991,
  numpages = 432,
  language = {russian}
}

@Book{max_method_tech_ob,
  author = {Макс, Ж.},
  title = {Mетоды и техника обработки сигналов при физических измерениях: В 2-х томах},
  address = {M.},
  publisher = {Мир},
  year = 1983,
  numpages = 568,
  language = {russian}
}

@Book{merkova_rand_stat,
  author = {Маркова, Е. В. and Маслак, А. А.},
  title = {Рандомизация и статистический вывод},
  address = {М.},
  publisher = {Финансы и статистика},
  year = 1986,
  numpages = 208,
  language = {russian}
}

@Book{popov_pricl_theor_proc,
  author = {Попов, Е. П.},
  title = {Прикладная теория процессов управления в нелинейных системах},
  address = {M.},
  publisher = {Наука},
  year = 1973,
  numpages = 583,
  language = {russian}
}

@Book{seidg_id_su,
  author = {Сейдж, Э. П. and Мэлса, Дж. Л.},
  title = {Идентификация систем управления},
  address = {M.},
  publisher = {Наука},
  year = 1974,
  numpages = 246,
  language = {russian}
}

@Book{silver_id_opt_as,
  author = {Сильвестров, А. Н. and Чинаев, П. И.},
  title = {Идентификация и оптимизация автоматических систем},
  address = {M.},
  publisher = {Наука},
  year = 1974,
  numpages = 246,
  language = {russian}
}

@Book{leondes_modern_tu,
  author = {Леондес, К. T.},
  title = {Современная теория систем управления},
  address = {M.},
  publisher = {Наука},
  year = 1970,
  numpages = 511,
  language = {russian}
}

@Book{waild_meth_search_extr,
  author = {Уайлд, Д.Дж.},
  title = {Методы поиска экстремума},
  address = {М.},
  publisher = {Наука},
  year = 1967,
  numpages = 267,
  language = {russian}
}

@Book{feldbaum_osn_theor_opt,
  author = {Фельдбаум, А. А.},
  title = {Основы теории оптимальных автоматических систем},
  address = {M.},
  publisher = {Наука},
  year = 1966,
  numpages = 623,
  language = {russian}
}

@Book{fomin_adopt_ctrl,
  author = {Фомин, В. Н. and Фрадков, А. Л. and Якубович, В. А.},
  title = {Адаптивное управление динамическими объектами},
  address = {M.},
  publisher = {Наука},
  year = 1981,
  numpages = 448,
  language = {russian}
}

@Book{cipkin_adopt_learn,
  author = {Цыпкин, Я. З.},
  title = {Адаптация и обучение в автоматических системах},
  address = {M.},
  publisher = {Mир},
  year = 1975,
  numpages = 534,
  language = {russian}
}

@Book{cipkin_osn_theor_learn,
  author = {Цыпкин, Я. З.},
  title = {Основы теории обучающихся систем},
  address = {M.},
  publisher = {Наука},
  year = 1970,
  numpages = 251,
  language = {russian}
}

@Book{pupkov_func_series,
  author = {Пупков, К. А. and Капалин, В. И. and Ющенко, А. С.},
  title = {Функциональные ряды в теории нелинейных систем},
  address = {М.},
  publisher = {Наука},
  year = 1976,
  numpages = 448,
  language = {russian}
}


@Book{nelles_nlsys_id,
  author = {Nelles, O},
  title = {Nonlinear System Identification},
  address = {Berlin},
  publisher = {Springer},
  year = 2001,
  numpages = 785,
}

@Book{bodyan_osn_theor_ann,
  author = {Бодянский, Е. В. and Руденко, О. Г.},
  title = {Основы теории искусственных нейронных сетей},
  address = {Харьков},
  publisher = {ТЕЛЕТЕХ},
  year = 2002,
  numpages = 317,
  language = {russian}
}

@Book{vstovks_elem_info_phys,
  author = {Встовский, Г. В.},
  title = {Элементы информационной физики},
  address = {М.},
  publisher = {МГИУ},
  year = 2002,
  numpages = 260,
  language = {russian}
}

@Book{kostyuk_ad_sy_id,
  author = {Кику, А. Г. and Костюк, В. И. and Краскевич, В. Е. and Сильвестров, А. Н. and Шпит, С. В.},
  title = {Адаптивные системы идентификации},
  address = {Киев},
  publisher = {Техніка},
  year = 1975,
  numpages = 288,
  language = {russian}
}





@Article{adid_nu_nmer,
  author = {Ивахненко, М. М. and Михалёв, А. И.},
  title = {Адаптивная идентификация начальных условий многомерных динамических систем},
  journal = asau,
  year = 1982,
  pages = {15--21},
  number = 10,
  language = {russian}
}


@Article{atu_khar72,
  author = {Михалёв, А. И. and Гуда, А. И.},
  title = {Особенности настройки параметров систем адаптивно-поисковой идентификации гистерезисных объектов},
  journal = {Вестник Харьковского Государственного Политехнического Университета},
  year = 1999,
  pages = {85--89},
  number = {72},
  language = {russian}
}


@Article{atu_auto2005,
  author = {Михалёв, А. И. and Гуда, А. И.},
  title = {Информационный подход к учёту шумов и нестационарности идентифицируемой системы},
  journal = {Автоматика-2005: Материалы 12-й Международной конференции по автоматическому управлению, г.~Харьков: 30 мая -- 3 июня 2005~г.: в 3-х т.},
  address = {Харьков},
  publisher = {Изд-во НТУ <<ХПИ>>},
  year = 2005,
  number = 1,
  pages = {148--149},
  language = {russian}
}

@Article{atu_auto1997,
  author = {Михалёв, А. И. and Гуда, А. И.},
  title = {Идентификация гистерезисных систем},
  journal = {Автоматика-97: Материалы 4-ой Укр.конф.по автомат.упр. ({Автоматика-97}), 23-28 июня 1997 г.~Черкассы.},
  address = {Черкассы},
  year = 1997,
  pages = {25--27},
  language = {russian}
}

@Article{atu_ferro,
  author = {Михалёв, А. И. and Лысый, Д. А. and Гуда, А. И. and Власова, Т. Е.},
  title = {Применение идентификаторов состояния для управления выплавкой ферросилиция},
  journal = {Вестник ХГТУ},
  address = {Харьков},
  year = 2001,
  number = {3(12)},
  pages = {180--184},
  language = {russian}
}



@Article{atu_vinn2001,
  author = {Михалёв, А. И. and Гуда, А. И.},
  title = {Синтез и адаптация параметров поисковых методов идентификации нелинейных систем},
  journal = {Тези доповідей шостої міжнародної науково-технічної конференції. м. Вінниця, 8-12 жовтня 2001 р},
  year = 2001,
  pages = {253},
  language = {russian}
}

@Article{atu_vinn2001x,
  author = {Михалёв, А. И. and Гуда, А. И.},
  title = {Синтез та адаптація параметрів пошукових методів ідентифікації нелінійних систем},
  journal = {Вісник ВПІ},
  address = {Вінниця},
  year = 2001,
  pages = {55-58},
  language = {russian}
}


@Article{atu_vinn2003_a,
  author = {Зворикін, В. Б. and Гуда, А. И.},
  title = {Особливості роботи контуру позиціювання},
  journal = {Тези доповідей сьомої міжнародної науково-технічної конференції. м. Вінниця, 8-11 жовтня 2003 р},
  year = 2003,
  pages = {124},
  language = {russian}
}

@Article{atu_vinn2003_b,
  author = {Зинченко, М. Д. and Михалёв, А. И. and Гуда, А. И.},
  title = {Идентификация нелинейных параметров систем управления нажимными винтами блюминга},
  journal = {Тези доповідей сьомої міжнародної науково-технічної конференції. м. Вінниця, 8-11 жовтня 2003 р},
  year = 2003,
  pages = {132},
  language = {russian}
}


@Article{mai_opt_proc,
  author = {Михалев, А. И. and Иванов, Л. Ф. and Швачич, Г. Г.},
  title = {Автоматизация процесса определения динамических характеристик средств измерения},
  journal = {Приборы и методы автоматизации экспериментальных исследований: Сб. научн. тр.},
  address = {Днепропетровск},
  publisher = {ДГУ},
  year = 1985,
  pages = {26--29},
  language = {russian}
}

@Article{anisimov_method_curr_parm,
  author = {Анисимов, А. С.},
  title = {Метод текущей параметрической идентификации},
  journal = asau,
  address = {Киев},
  publisher = {Респ. межвед. науч.-техн. сб.},
  year = 1989,
  number = 12,
  pages = {3--9},
  language = {russian}
}

@Article{bobrik_o_shod_meth,
  author = {Бобриков, Э. П. and Король, Л. В.},
  title = {О сходимости адаптивного метода прямого поиска экстремума},
  journal = asau,
  address = {Киев},
  publisher = {Респ. межвед. науч.-техн. сб.},
  year = 1985,
  number = 13,
  pages = {78--86},
  language = {russian}
}

@Article{ivanov_alg_id_dyn_hyst,
  author = {Иванов, А. И.},
  title = {Алгоритмы идентификации динамических объектов с гистерезисом},
  journal = {Деп.в ВИНИТИ 22.11.84, N 7925-84},
  address = {М.},
  publisher = "",
  year = 1984,
  numpages = 251,
  language = {russian}
}

@Article{ivanov_adap_alg_sear,
  author = {Иванов, Л. Ф.},
  title = {Адаптивный алгоритм поиска экстремума},
  journal = asau,
  address = {Киев},
  publisher = {Респ. межвед. науч.-техн. сб.},
  year = 1976,
  number = 4,
  pages = {84--89},
  language = {russian}
}

@Article{ivanov_stoh_alg_int,
  author = {Иванов, Л. Ф. and Левенец, И. Г.},
  title = {Стохастический алгоритм интегрального метода адаптивного поиска экстремума мультимодального критерия},
  journal = asau,
  address = {Киев},
  publisher = {Респ. межвед. науч.-техн. сб.},
  year = 1984,
  number = 13,
  pages = {46--52},
  language = {russian}
}

@Article{mai_adopt_meth_direct,
  author = {Ивахненко, М. М. and Король, Л. В. and Михалев, А. И.},
  title = {Адаптивный метод прямого поиска экстремума функции},
  journal = asau,
  address = {Киев},
  publisher = {Респ. межвед. науч.-техн. сб.},
  year = 1983,
  number = 11,
  pages = {16--25},
  language = {russian}
}

@Article{mai_akt_meth_sear,
  author = {Ивахненко, М. М. and Михалев, А. И.},
  title = {Активный метод поисковой идентификации многопараметрического объекта с неполной наблюдаемостью},
  journal = asau,
  address = {Киев},
  publisher = {Респ. межвед. науч.-техн. сб.},
  year = 1980,
  number = 8,
  pages = {21--33},
  language = {russian}
}

@Article{mai_sear_meth_akt,
  author = {Ивахненко, М. М. and Михалев, А. И.},
  title = {Поисковый метод активной идентификации систем с перекрестными связями},
  journal = asau,
  address = {Киев},
  publisher = {Респ. межвед. науч.-техн. сб.},
  year = 1981,
  number = 9,
  pages = {61--76},
  language = {russian}
}

@Article{mai_akt_id_robot,
  author = {Ивахненко, М. М. and Михалев, А. И. and Тихонов, В. Л.},
  title = {Активная идентификация робототехнических систем},
  journal = {Идентификация, автоматический контроль и моделирование сложных процессов и объектов управления: Сб. науч. тр.},
  address = {Днепропетровск},
  publisher = {ДГУ},
  year = 1983,
  pages = {36--41},
  language = {russian}
}

@Article{ivah_estim_err_id,
  author = {Ивахненко, M. M.},
  title = {Оценка ошибки идентификации нестационарных объектов},
  journal = asau,
  address = {Киев},
  publisher = {Респ. межвед. науч.-техн. сб.},
  year = 1974,
  number = 2,
  pages = {13--17},
  language = {russian}
}

@Article{ivah_alg_id_parm,
  author = {Ивахненко, M. M. and Корсун, В. И.},
  title = {Алгоритм идентификации параметров объектов управления},
  journal = {Некоторые вопросы динамики и управления движением: Сб. науч. тр.},
  address = {Киев},
  publisher = {Наукова думка},
  year = 1976,
  pages = {139--148},
  language = {russian}
}

@Article{mai_sear_meth_akt_id_ns,
  author = {Ивахненко, M. M. and Михалев, А. И.},
  title = {Поисковый метод активной идентификации нестационарных систем},
  journal = {Тез. докл. на Втором Всесоюз. симпозиуме <<Теория нестационарных систем управления>>},
  address = {25- 26 сент. Севастополь},
  year = 1979,
  pages = {149--152},
  language = {russian}
}

@Article{ivah_int_meth_direct,
  author = {Ивахненко, М. М.},
  title = {Интегральный метод прямого поиска глобального экстремума},
  journal = asau,
  address = {Киев},
  publisher = {Респ. межвед. науч.-техн. сб.},
  year = 1980,
  number = 8,
  pages = {54--63},
  language = {russian}
}

@Article{mai_iss_dyn_isp,
  author = {Михалев, А. И. and Карабутов, Н. Н. and Барвинов, В. П.},
  title = {Исследование динамики испытательных стендов объемных шарниров},
  journal = {Тез.докл. II Всесоюз. науч.-техн. конф. <<Микропроцессорные системы автоматики>>},
  address = {Новосибирск},
  publisher = {НЭТИ},
  year = 1990,
  pages = {112--114},
  language = {russian}
}

@Article{mai_syntez_adop_id,
  author = {Карабутов, И. Н. and Михалев, А. И.},
  title = {Синтез адаптивных идентификаторов состояния нестационарных динамических систем},
  journal = asau,
  address = {Киев},
  publisher = {Респ. межвед. науч.-техн. сб.},
  year = 1992,
  number = 19,
  pages = {26--43},
  language = {russian}
}

@Article{mai_iss_adop_alg_etalon,
  author = {Михалев, А. И. and Иванов, Л. Ф. and Швачич, Г. Г.},
  title = {Исследование адаптивных алгоритмов управления с эталонной моделью},
  journal = asau,
  address = {Киев},
  publisher = {Респ. межвед. науч.-техн. сб.},
  year = 1984,
  number = 12,
  pages = {35--41},
  language = {russian}
}

@Article{andronn_id_ns_hyst,
  author = {Andronikov, A. M. and Bekey, G. A. and Hadaegh, F. Y.},
  title = {Identifiability of Nonlinean sistems with hysteretic elements},
  journal = {Trans. of the ASME},
  year = 1983,
  number = 105,
  pages = {209--214},
  language = {english}
}

@Article{medved_nepar_alg_id_nds,
  author = {Медведев, А. В.},
  title = {Непараметрические алгоритмы идентификации нелинейных динамических систем},
  journal = {Стохастические системы управления},
  address = {Новосибирск},
  publisher = {Наука},
  year = 1979,
  pages = {15--22},
  language = {russian}
}

@Article{chen_nn_for_nls_mod,
  author = {Chen, S. and Billings, A.},
  title = {Neural networks for nonlinear system modelling and identification},
  journal = {Advances in Intelligent Control},
  address = {London},
  publisher = {Taylor and Francis},
  year = 1994,
  pages = {85--112},
  language = {english}
}

@Article{chen_nls_id_radial_basis,
  author = {Chen, S. and Billings, A. and Cowan, C. F. },
  title = {Non-linear system identification using radial basis function},
  journal = {Int. J. Syst. Sci.},
  publisher = {Taylor and Francis},
  number = 12,
  year = 1990,
  pages = {2513--2539},
  language = {english}
}

@Article{patra_nds_id_cheb,
  author = {Patra, J. C. and Kot, A. C.},
  title = {Nonlinear dynamic system identification using Chebyshev functional link artificial neural network},
  journal = {IEEE Trans. on System, Man and Cybernetics - Part B},
  number = 4,
  year = 2002,
  pages = {505--511},
  language = {english}
}

@Article{narendra_id_ctl_ds_nn,
  author = {Narendra, K. S. and Parthasarathy, K.},
  title = {Identification and control of dynamic systems using neural networks},
  journal = {IEEE Trans. on Neural Networks},
  number = 1,
  year = 1990,
  pages = {4--26},
  language = {english}
}

@Article{bodyan_adap_alg_id,
  author = {Бодянский, Е. В.},
  title = {Адаптивные алгоритмы идентификации нелинейных объектов управления},
  journal = {АСУ и приборы автоматики},
  number = 81,
  year = 1987,
  pages = {43--46},
  language = {russian}
}


@Article{spinul_opt_act_id,
  author = {Бойкова, В. О. and Мирунко, В. М. and Сільвестров, А. М. and Спінул, Л. Ю.},
  title = {Оптимизация режимов активной идентификации динамических объектов},
  journal = {Адаптивные системы автоматического управления},
  number = {8(28)},
  year = 2005,
  pages = {116--122},
  language = {russian}
}

@Article{bodyan_adapt_viyavl,
  author = {Бодянский, Є. В. and Міхальов, О. І. and Плісс, І. П.},
  title = {Адаптивне виявлення розладнань в об`єктах керування за допомогою нейронних мереж},
  journal = {Системні технології},
  year = 2000,
  numpages = {505--511},
  language = {russian}
}


@Article{mich_upr_prost_mech,
  author = {Михалев, А. И. and Барвинов, В. П. and Соломаха, В. А. },
  title = {Управляемость пространственных механизмов с избыточным числом степеней свободы с другими связями},
  address = {Киев},
  journal = {Деп. в Укр НИИНТИ 15.12.89 \No 2089},
  year = 1989,
  pages = {22},
  language = {russian}
}

@Article{cipkin_roba_opt,
  author = {Цыпкин, Я. З.},
  title = {Робасно оптимальные дискретные системы управления},
  journal = {Автоматика и телемеханика},
  year = 1999,
  pages = {25--37},
  language = {russian}
}

@Article{zadeh_id_1956,
  author = {Zadeh, L. A.},
  title = {On the Identification Problem},
  journal = {IRE Transactions on Circuit Theory},
  year = 1956,
  doi = {10.1109/TCT.1956.1086328},
  number = {3(4)},
  pages = {277--281},
  language = {english}
}


@Article{gummel_poon_1970,
  author = {Gummel, H. K. and Poon, H. C.},
  title = {An integral charge control model of bipolar transistors},
  journal = {Bell Syst. Tech. J.},
  year = 1970,
  number = {49},
  pages = {827--852},
  language = {english}
}

@Book{shiskin_electronnie_pribori,
  title = {Электронные приборы},
  author = {Дулин, В. Н. and Аваев, Н. А. and Демин, В. П. and Наумов, Ю. Е. and Струков, А. З. and Шишкин, Г. Г.},
  location = {М.:},
  publisher = {Энергоатомиздат},
  year = {1989},
  language = {russian},
  pagetotal = {496}
}

@article{DBLP:journals/corr/WangWQ15,
  author    = {Bo Wang and Hanyu Wang and Miao Qi},
  title     = {{PPV} modelling of memristor-based oscillator},
  journal   = {CoRR},
  volume    = {abs/1511.05437},
  year      = {2015},
  url       = {http://arxiv.org/abs/1511.05437},
  % archivePrefix = {arXiv},
  eprint    = {1511.05437},
  % timestamp = {Mon, 28 Aug 2017 17:00:31 +0200},
  % biburl    = {http://dblp.org/rec/bib/journals/corr/WangWQ15},
  % bibsource = {dblp computer science bibliography, http://dblp.org}
}

@article{PhysRevE.80.016201,
  title = {Parameter and state estimation of experimental chaotic systems using synchronization},
  author = {Quinn, John C. and Bryant, Paul H. and Creveling, Daniel R. and Klein, Sallee R. and Abarbanel, Henry D. I.},
  journal = {Phys. Rev. E},
  volume = {80},
  issue = {1},
  pages = {016201},
  numpages = {17},
  year = {2009},
  month = {7},
  publisher = {American Physical Society},
  doi = {10.1103/PhysRevE.80.016201},
  % url = {https://link.aps.org/doi/10.1103/PhysRevE.80.016201}
}


@Article{gang_chaos_on_phase_noise,
  author = {Gang Feng Yan and Xian He Huang},
  title = {Chaos on Phase Noise of Van Der Pol Oscillator},
  journal = {Telkomnika},
  year = 2010,
  volume = {8},
  number = {3},
  pages = {301--308},
  doi = {10.12928/telkomnika.v8i3.632},
  language = {english}
}

@article{doi:10.1063/1.4705999,
  author = {F. Moron and A. L. Hoendervanger and M. Bonneau and Q. Bouton and A. Aspect and D. Boiron and D. Clement and C. I. Westbrook},
  title = {An oscillator circuit to produce a radio-frequency discharge and application to metastable helium saturated absorption spectroscopy},
  journal = {Review of Scientific Instruments},
  volume = {83},
  number = {4},
  pages = {044705},
  year = {2012},
  doi = {10.1063/1.4705999},
  % url = {https://doi.org/10.1063/1.4705999},
  eprint = {https://doi.org/10.1063/1.4705999}
}

@Article{bonetti_super_persistent_colpitts,
   author = {{Bonetti}, R.~C. and {de Souza}, S.~L.~T. and {Batista}, A.~M. and  {Szezech}, Jr., J.~D. and {Caldas}, I.~L. and {Viana}, R.~L. and {Lopes}, S.~R. and {Baptista}, M.~S.},
   title = {Super persistent transient in a master-slave configuration with {Colpitts} oscillators},
   journal = {Journal of Physics A Mathematical General},
   % archivePrefix = "arXiv",
   eprint = {1405.0175},
   primaryClass = "nlin.CD",
   year = 2014,
   month = oct,
   volume = 47,
   eid = {405101},
   pages = {405101},
   doi = {10.1088/1751-8113/47/40/405101},
}

@Article{dmitriev_trans_chaos_lowpower,
  author = {Дмитриев, А. С. and Ефремова, Е. В. and  Никишов, А. Ю. and  Панас, А. И. },
  title = {Транзисторные генераторы хаоса малой мощности},
  journal = {Изв. вузов ПНД},
  year = 2008,
  volume = {16},
  number = {3},
  pages = {56--70},
  language = {russian}
}


@Article{baranov_chaos_vdp,
  author = {Баранов, С. В. and Кузнецов, С. П. and Пономаренко, В. И. },
  title = {Хаос в фазовой динамике осциллятора {Ван дер Поля} с модулированной добротностью и дополнительной запаздывающей обратной связью},
  journal = {Известия высших учебных заведений. Прикладная нелинейная динамика},
  year = 2010,
  number = {18},
  pages = {11--23},
  language = {russian}
}

@Article{kuznetsov_phenomen_vdp,
  author = {Кузнецов, А. П. and Селиверстова, Е. С. and  Трубецков, Д. И. and Тюрюкина, Л. В.},
  title = {{Феномен уравнения Ван дер Поля}},
  journal = {Изв. вузов ПНД},
  year = 2014,
  volume = {22},
  number = {4},
  pages = {3--42},
  language = {russian}
}

@article{ROSSLER1976397,
  author = {Rössler, O.E. },
  title = {An equation for continuous chaos},
  journal = {Physics Letters A},
  volume = {57},
  number = {5},
  pages = {397--398},
  year = {1976},
  issn = {0375-9601},
  doi = {https://doi.org/10.1016/0375-9601(76)90101-8},
  % url = {http://www.sciencedirect.com/science/article/pii/0375960176901018}
}

@Book{andrianov_laser,
  title = {Квантовая теория лазера},
  author = {Андрианов, Е.С. and Пухов, А. А.},
  location = {М.:},
  publisher = {МФТИ},
  year = {2014},
  language = {russian},
  pagetotal = {92},
}


@Book{puhov_ur_reaction_diffusion,
  title = {Уравнение ``реакция-диффузия''},
  author = {Пухов, А. А.},
  location = {М.:},
  publisher = {МФТИ},
  year = {2014},
  language = {russian},
  pagetotal = {72},
}

@Book{anisch_reg_and_chaotic_vibro,
  title = {Регулярные и хаотические автоколебания},
  author = {Анищенко, В. С. and Астахов, В. В. and Вадивасова, Т.В.},
  location = {Долгопрудный},
  publisher = {Изд. дом ``Интеллект''},
  year = {2009},
  language = {russian},
  pagetotal = {312},
}

@Book{picovskii_syncro,
  title = {Синхронизация. Фундаментальное нелинейное явление},
  author = {Пиковский, А. and Розенблюм, М. and Куртс, Ю.},
  location = {М.:},
  publisher = {Техносфера},
  year = {2003},
  language = {russian},
  pagetotal = {484},
  annote = {}
}

@Book{malinetskii_modern_methods_nl_dyn,
  title = {Современные проблемы нелинейной динамики},
  author = {Малинецкий, Г. Г. and Потапов, А. Б.},
  location = {М.:},
  publisher = {УРСС},
  year = {2000},
  language = {russian},
  pagetotal = {336},
  annote = {}
}

@Article{math5040070,
  author = {Cooper, Matthew and Heidlauf, Peter and Sands, Timothy},
  title = {Controlling Chaos—Forced van der Pol Equation},
  journal = {Mathematics},
  volume = {5},
  year = {2017},
  number = {4},
  % URL = {http://www.mdpi.com/2227-7390/5/4/70},
  % ISSN = {2227-7390},
  ABSTRACT = {Nonlinear systems are typically linearized to permit linear feedback control design, but, in some systems, the nonlinearities are so strong that their performance is called chaotic, and linear control designs can be rendered ineffective. One famous example is the van der Pol equation of oscillatory circuits. This study investigates the control design for the forced van der Pol equation using simulations of various control designs for iterated initial conditions. The results of the study highlight that even optimal linear, time-invariant (LTI) control is unable to control the nonlinear van der Pol equation, but idealized nonlinear feedforward control performs quite well after an initial transient effect of the initial conditions. Perhaps the greatest strength of ideal nonlinear control is shown to be the simplicity of analysis. Merely equate coefficients order-of-differentiation insures trajectory tracking in steady-state (following dissipation of transient effects of initial conditions), meanwhile the solution of the time-invariant linear-quadratic optimal control problem with infinite time horizon is needed to reveal constant control gains for a linear-quadratic regulator. Since analytical development is so easy for ideal nonlinear control, this article focuses on numerical demonstrations of trajectory tracking error.},
  DOI = {10.3390/math5040070}
}



@Article{buscarino_sync_rossler,
  author = {Arturo Buscarino and Mattia Frasca and Marco Branciforte and Luigi Fortuna and Julien Clinton Sprott},
  title = {Synchronization of two Rössler systems with switching coupling},
  journal = {Nonlinear Dynamics},
  year = 2017,
  volume = {88},
  number = {1},
  pages = {673--683},
  language = {english}
}

@article{rosalie_rossler_template,
  author={Martin Rosalie},
  title={Templates and subtemplates of Rössler attractors from a bifurcation diagram},
  journal={Journal of Physics A: Mathematical and Theoretical},
  volume={49},
  number={31},
  pages={315101},
  url={http://stacks.iop.org/1751-8121/49/i=31/a=315101},
  year={2016},
  abstract={We study the bifurcation diagram of the Rössler system. It displays the various dynamical regimes of the system (stable or chaotic) when a parameter is varied. We choose a diagram that exhibits coexisting attractors and banded chaos. We use the topological characterization method to study these attractors. Then, we detail how the templates of these attractors are subtemplates of a unique template. Our main result is that only one template describes the topological structure of eight attractors. This leads to a topological partition of the bifurcation diagram that gives the symbolic dynamic of all bifurcation diagram attractors with a unique template.}
}


@article{Ginoux2012VanDP,
  title={Van der Pol and the history of relaxation oscillations: toward the emergence of a concept},
  author={Jean-Marc Ginoux and Christophe Letellier},
  journal={Chaos},
  year={2012},
  volume={22 2},
  pages={023120}
}

@Book{landau1,
  title = {Курс теоретической физики I. Механика},
  author = {Ландау, Л. Д. and  Лифшиц, Е. М.},
  location = {М.:},
  publisher = {Физматлит},
  year = {2012},
  language = {russian},
  pagetotal = {224},
}

@Book{greshilov_mat_met_prognoz,
  title = {Математические методы построения прогнозов},
  author = {Грешилов, А. А. and Стакун, В. А. and  Стакун А. А.},
  location = {М.:},
  publisher = {Радио и связь},
  year = {1997},
  language = {russian},
  pagetotal = {112}
}


@Article{atu_asau3,
  author = "Михалёв, А. И. and Гуда, А. И.",
  title = "Сравнительный анализ алгоритмов поисковой идентификации нелинейных систем",
  journal = asau,
  year = 2000,
  pages = {99--108},
  number = {3(23)},
  language = "russian"
}

