@XData{st,
  journal = {Системні технології. Регіональний міжвузівський збірник наукових праць}
}

@XData{asau,
  journal = {Адаптивні системи автоматичного управління. Міжвідом. науково - техн. зб.}
}

@XData{ISDMCI,
  journal = {Материалы международной конференции ``Интеллектуальные системы принятия решений и проблемы вычислительного интеллекта» (ISDMCI).– Херсон: ХНТУ''}
}

@XData{apir,
  journal = {Материалы международной научно-технической конференции ``Автоматизация: проблемы, идеи, решения''}
}

@XData{atum,
  author = {Гуда, А. И. and Михалёв, А. И.}
}

@XData{atume,
  author = {Guda, A. I. and Mikhalyov, A. I.}
}




@Article{atu_asau10,
  title = {Информационные оценки сложности задачи параметрической идентификации динамических систем},
  xdata = {asau},
  xdata = {atum},
  year = {2007},
  volume = {10(30)},
  pages = {96--103}
}

@Article{atu_asau11,
  title = {Синтез критерия идентификации нелинейных динамических систем на физических принципах},
  xdata = {asau},
  author = {Гуда, А. И. and Михалёв, А. И. and Новикова, Е.Ю},
  year = {2008},
  volume = {11(31)},
  pages = {136--142}
}

@Article{atu_asau12,
  title = {Адаптивно-поисковая идентификация хаотической динамической системы Дуффинга},
  xdata = {asau},
  xdata = {atum},
  year = {2008},
  volume = {12(32)},
  pages = {166--171}
}

@Article{atu_aaeks22,
  title = {Исследование правил клеточных автоматов для моделирования процессов затвердевания квазиравновесных бинарных сплавов},
  journal = {Автоматика. Автоматизація. Электротехнические Комплексы и Системы – ААЭКС.},
  author = {Михайловская, Т. В. and Михалёв, А. И. and Гуда, А. И.},
  year = {2008},
  volume = {2(22)},
  pages = {19--27}
}

@Article{atu_asau13,
  title = {Использование методов нечеткого вывода для оценки тяжести  общего состояния больных разлитым перитонитом},
  author = { Новикова, Е.Ю. and Кутовой, А.Б., and Михалев А.И. and Гуда, А.И. },
  xdata = {asau},
  year = {2008},
  volume = {13(33)},
  pages = {159--165}
}

@Article{atu_asau14,
  title = {Адаптивно-поисковая идентификация хаотической динамической системы Ресслера},
  xdata = {asau},
  xdata = {atum},
  year = {2009},
  volume = {14(34)},
  pages = {125--129}
}


@Article{atu_khar_autodor25,
  title = {Критерии идентификации параметров хаотической динамики управляемого объекта},
  author = {Гуда, А. И. and Михалёв, А. И. and Деревянко, А. И.},
  journal = {Автомобільний транспорт.  – Вісник Харківського національного автодорожнього університету.},
  year = {2009},
  volume = {25},
  pages = {254--257}
}

@Article{atu_asau15,
  title = {Влияние возмущений входного сигнала на динамику и идентификацию нелинейной  системы Дуффинга},
  xdata = {asau},
  xdata = {atum},
  year = {2010},
  volume = {15(35)},
  pages = {121--125}
}

@Article{atu_asau16,
  title = {Выбор критерия при адаптивно-поисковой идентификации динамической системы Ван-Дер-Поля},
  xdata = {asau},
  xdata = {atum},
  year = {2010},
  volume = {16(36)},
  pages = {154--160}
}


@Article{atu_asau17,
  title = {Исследование альтернативного критерия при адаптивно- поисковой идентификации динамической системы Ван-Дер-Поля},
  xdata = {asau},
  xdata = {atum},
  year = {2010},
  volume = {17(37)},
  pages = {149--154}
}


@Article{atu_ich2011,
  title = {Выбор критериев для оценки эффективности процессов идентификации систем с хаотической динамикой },
  xdata = {atum},
  journal = { Матеріали П Всеукраїнської науково-практичної конференції «Інформатика та системні науки» (ІСН-2011). – Полтава, 17-19.03.2011. – Полтава: РВВ ПУЕТ},
  year = {2011},
  pages = {355}
}

@Article{atu_st75,
  title = {Сравнительный анализ двух критериев адаптивно-поисковой идентификации нелинейной динамической системи Ван-Дер-Поля},
  xdata = {st},
  xdata = {atum},
  year = {2011},
  volume = {4(75)},
  pages = {15--20}
}

@Article{atu_ISDMCI2011,
  title = {Идентификация систем с хаотической динамикой},
  xdata = {atum},
  xdata = {ISDMCI},
  year = {2011},
  volume = {2},
  pages = {211--212}
}

@Article{atu_itcs2011,
  title = {Адаптивно-поисковая идентификация нелинейной динамической системы Ван-дер-Поля},
  xdata = {atum},
  journal = {Информационные технологии в управлении сложными системами. Сборник докладов научной конференции (Днепропетровск, 24 июня 2011). -Днепропетровск: изд-во «Свидлер А.Л.»},
  year = {2011},
  pages = {39--40}
}

@Article{atu_asau18,
  title = {Синтез критериев при адаптивно-поисковой идентификации динамической системы Чуа},
  xdata = {asau},
  xdata = {atum},
  year = {2011},
  volume = {18(38)},
  pages = {140--146}
}

// 5-9 сент.
@Article{atu_apir2011,
  title = {Адаптивно-поисковая идентификация нелинейной хаотической системы Чуа},
  xdata = {atum},
  xdata = {apir},
  year = {2011},
  pages = {18--19}
}

@Article{atu_st67,
  title = {Особенности моделирования и идентификации хаотической системы Ресслера с возмущениями},
  author = {Гуда, А. И. and Михалёв, А. И. and Дмитриева, И. С.},
  xdata = {st},
  year = {2010},
  volume = {2(67)},
  pages = {114--118}
}

@Article{atu_asau19,
  title = {Моделювання та дослiдження хаотичної динамiки зв’язаних релаксацiйних генераторiв},
  xdata = {asau},
  xdata = {atum},
  year = {2011},
  volume = {19(39)},
  pages = {164--170}
}

@Article{atu_st79,
  title = {Физические основы при синтезе критерия адаптивно-поисковой идентификации динамической системы Лоренса},
  xdata = {st},
  xdata = {atum},
  year = {2012},
  volume = {2(79)},
  pages = {13--19}
}

@Article{atu_ISDMCI2012,
  title = {Альтернативный критерий идентификации хаотической системы Рёсслера},
  xdata = {atum},
  xdata = {ISDMCI},
  year = {2012},
  pages = {247--249}
}

// 3-7 сент. 
@Article{atu_apir2012,
  title = {Синтез критерия идентификации нелинейной хаотической системы Лоренса},
  xdata = {atum},
  xdata = {apir},
  year = {2012},
  pages = {11--13}
}

@Article{atu_st85,
  title = {Chaotic system with relay hysteresis in return force: simulation and analysis},
  xdata = {st},
  xdata = {atum},
  year = {2013},
  volume = {2(85)},
  pages = {30--35}
}

@Article{atu_ISDMCI2013,
  title = {Хаотические колебательные системы с зоной нечувствительности и релейным гистерезисом в восстанавливающей силе},
  xdata = {atum},
  xdata = {ISDMCI},
  year = {2013},
  pages = {434--435}
}

@Article{atu_asau20,
  title = {Моделирование хаотической динамики системы с зоной нечувствительности и идентификация её параметров},
  xdata = {asau},
  xdata = {atum},
  year = {2012},
  volume = {20(40)},
  pages = {180--186}
}

@Article{atu_asau21,
  title = {Генератор Колпитца: моделирование хаотической динамики и параметрическая идентификация},
  xdata = {asau},
  xdata = {atum},
  year = {2012},
  volume = {21(41)},
  pages = {146--153}
}

// 9-13 sep
@Article{atu_apir2013,
  title = {Идентификация бифуркационного параметра генератора Колптица},
  xdata = {atum},
  xdata = {apir},
  year = {2013},
  pages = {104-105}
}

@Article{atu_st91,
  title = {Influence of input and measurement noise to Lorenz system adaptive-searching identification},
  xdata = {atume},
  xdata = {st},
  year = {2014},
  volume = {2(91)},
  pages = {154--158}
}

@Article{atu_ISDMCI2014,
  title = {Совместное влияние изменений параметров системы адаптивно-поисковой идентификации хаотических систем объектов  на процесс поиска},
  xdata = {atum},
  xdata = {ISDMCI},
  year = {2014},
  pages = {63--64}
}

@Article{atu_asau22,
  title = {Настройка адаптивно-поисковой системы идентификации применительно к хаотическим объектам},
  xdata = {asau},
  xdata = {atum},
  year = {2013},
  volume = {1(22)},
  pages = {134--139}
}


@Article{atu_asau23,
  title = {Расширение рабочего диапазона поисковой идентификации нелинейных динамических систем},
  xdata = {asau},
  xdata = {atum},
  year = {2013},
  volume = {2(23)},
  pages = {133--127}
}


@Article{atu_asau24,
  title = {Повышение качества фильтрации при поисковой идентификации нелинейных динамических систем},
  xdata = {asau},
  xdata = {atum},
  year = {2014},
  volume = {1(24)},
  pages = {160--165}
}

@Article{atu_electronika2013,
  title = {Physical background in identification criterion synthesis},
  xdata = {Guda, A. I, and Mikhalyov, A. I. and Derevjanko, A. I,  and Kisała },
  journal = {Elektronika (LIV)},
  volume = {8},
  year = {2013},
  pages = {32--34}
}


@Article{atu_asau25,
  title = {Использование нечётких технологий при выборе начальных условий  в задачах идентификации систем с хаотической динамикой},
  xdata = {asau},
  xdata = {atum},
  year = {2014},
  volume = {2(25)},
  pages = {98--103}
}

@Article{atu_st99,
  title = {Multi-model methods and parameters estimation approaches on non-linear dynamic system identification},
  xdata = {st},
  xdata = {atume},
  year = {2015},
  volume = {4(99)},
  pages = {3--9}
}

@Article{atu_asau27,
  title = {Использование метода идентификации с множеством подвижных моделей применительно к динамической системе Лоренса},
  xdata = {asau},
  xdata = {atum},
  year = {2015},
  volume = {1(27)},
  pages = {191--197}
}

@Article{atu_ISDMCI2015,
  title = {Применение многомодельного метода в задаче параметрической  идентификации хаотической системы Лоренса},
  xdata = {ISDMCI},
  xdata = {atum},
  year = {2015},
  pages = {53--54}
}

@Article{atu_csit2015,
  title = {Method of Lorenz systems parametric identification by the searching models ensemble},
  xdata = {atume},
  journal = {Scientific and Technical Conference ``Computer Sciences and Information Technologies'' (CSIT) },
  year = {2015},
  pages = {73--75}
}

@Article{atu_arsirii,
  title = {Система поддержки принятия решений по повышению эффективности гидроаеродинамических процессов во вспомогательных элементах    энергетических агрегатов},
  author = {Арсирий, Е. А. and  Антощук, С. Г. and Арсирий, В. А. and Гуда, А. И. },
  year = {2015}
}


@Article{atu_kher2015,
  title = {Настройка параметров системы мультимодельной адаптивно-поисковой системы идентификации},
  xdata = {atum},
  journal = {Вестник ХНТУ. – Херсон: Херсонский национальный технический университет. (РИНЦ).},
  year = {2015},
  volume = {3(54)},
  pages = {138--243}
}

@Article{atu_st103,
  title = {Multi-model methods and parameters estimation approaches on non-linear dynamic system identification},
  xdata = {st},
  xdata = {atume},
  year = {2016},
  volume = {2(103)},
  pages = {57--62}
}

@Article{atu_st105,
  title = {Визначення гранулометричного складу матеріалу у повітряному потоці з використанням діаграм Пуанкаре},
  xdata = {st},
  author = {Сухомлин, Р.О. and Михальов, А. И. and  Прядко, Н. С., and Тернова, К. В and Гуда, А. И},
  year = {2016},
  volume = {4(105)},
  pages = {18--24}
}

@Article{atu_jacs2015,
  title = {Multi-model identification system properties near extremum: simulations and analysis},
  journal = {Journal of Applied Computer Science – JACS-2015 (Scopus)},
  xdata = {atume},
  year = {2015},
  volume = {23(2)},
  pages = {21-28}
}

@Article{atu_st104a,
  title = {Особливості використання HX711 для отримання даних з тензодатчика},
  xdata = {st},
  author = {Зимогляд, А. Ю. and Гуда, А. И.},
  year = {2016},
  volume = {3(104)},
  pages = {136--140}
}

@Article{atu_st104b,
  title = {Виявлення залежності кута повороту сервоприводу від вхідного імпульсу},
  xdata = {st},
  author = {Левченко, Д.О. and Гуда, А. И.},
  year = {2016},
  volume = {3(104)},
  pages = {141--146}
}

@Article{atu_kher2016,
  title = {Применение различных функций качества идентификации при использовании ансамбля поисковых агентов в задаче идентификации нелинейных динамических систем},
  xdata = {ISDMCI},
  xdata = {atum},
  year = {2015},
  pages = {53--54}
}










